<record><leader>00000cas a2200000 a 4500</leader><controlfield tag="001">32325701</controlfield><controlfield tag="007">hd bfu---baat</controlfield><controlfield tag="007">hd afu---bact</controlfield><controlfield tag="008">950418d18761993nbuwr nea     0    0eng d</controlfield><datafield ind1=" " ind2=" " tag="010"><subfield code="a">sn 95069488 </subfield></datafield><datafield ind1=" " ind2=" " tag="040"><subfield code="a">NVG</subfield><subfield code="b">eng</subfield><subfield code="c">NVG</subfield><subfield code="d">OCL</subfield><subfield code="d">OCLCQ</subfield><subfield code="d">OCLCF</subfield><subfield code="d">OCLCO</subfield></datafield><datafield ind1="1" ind2=" " tag="029"><subfield code="a">AU@</subfield><subfield code="b">000011687111</subfield></datafield><datafield ind1=" " ind2=" " tag="042"><subfield code="a">msc</subfield></datafield><datafield ind1=" " ind2=" " tag="043"><subfield code="a">n-us-nb</subfield></datafield><datafield ind1="0" ind2="0" tag="245"><subfield code="a">Osceola record</subfield><subfield code="h">[microform].</subfield></datafield><datafield ind1="1" ind2="7" tag="246"><subfield code="a">Osceola twice a week record</subfield><subfield code="f">&lt;Nov. 19, 1914&gt;-Oct. 5, 1916</subfield></datafield><datafield ind1=" " ind2=" " tag="260"><subfield code="a">Osceola, Polk Co., Neb. :</subfield><subfield code="b">S.F. Fleharty,</subfield><subfield code="c">-1993.</subfield></datafield><datafield ind1=" " ind2=" " tag="300"><subfield code="a">v.</subfield></datafield><datafield ind1=" " ind2=" " tag="310"><subfield code="a">Weekly,</subfield><subfield code="b">July 6, 1916-Dec. 30, 1993</subfield></datafield><datafield ind1=" " ind2=" " tag="321"><subfield code="a">Weekly,</subfield><subfield code="b">1876-&lt;Apr. 24&gt;, 1913</subfield></datafield><datafield ind1=" " ind2=" " tag="321"><subfield code="a">Semiweekly,</subfield><subfield code="b">&lt;May 5&gt;, 1913-June 29, 1916</subfield></datafield><datafield ind1="1" ind2=" " tag="362"><subfield code="a">Began in 1876.</subfield></datafield><datafield ind1="0" ind2=" " tag="362"><subfield code="a">-v. 122, no. 22 (Dec. 30, 1993).</subfield></datafield><datafield ind1=" " ind2=" " tag="515"><subfield code="a">One issue no. assigned for each week's issues, &lt;May 5&gt;, 1913-July 29, 1915.</subfield></datafield><datafield ind1=" " ind2=" " tag="515"><subfield code="a">Suspended with Dec. 27, 1917 issue; resumed with Mar. 13, 1919 issue.</subfield></datafield><datafield ind1=" " ind2=" " tag="580"><subfield code="a">Absorbed: Polk County Republican (Osceola, Neb.), May 1902, Clarks news, Dec. 31, 1964, and: Silver Creek sand, Dec. 31, 1964.</subfield></datafield><datafield ind1=" " ind2=" " tag="580"><subfield code="a">Merged with: Headlight (Stromsburg, Neb.), and: Shelby sun (Shelby, Neb. : 1904), to form: Polk County news (Stromsburg, Neb. : 1994).</subfield></datafield><datafield ind1=" " ind2=" " tag="588"><subfield code="a">Description based on: Vol. 3, no. 24 (Mar. 1, 1876).</subfield></datafield><datafield ind1=" " ind2=" " tag="533"><subfield code="a">Microfilm.</subfield><subfield code="m">1876-1877,1879-1883,1893-1917,1919-1993:[Gaps]</subfield><subfield code="b">Lincoln, Neb. :</subfield><subfield code="c">Nebraska State Historical Society,</subfield><subfield code="d">[1968?]-1994.</subfield><subfield code="e">58 microfilm reels ; 35 mm.</subfield></datafield><datafield ind1=" " ind2="0" tag="651"><subfield code="a">Osceola (Neb.)</subfield><subfield code="v">Newspapers.</subfield></datafield><datafield ind1=" " ind2="0" tag="651"><subfield code="a">Polk County (Neb.)</subfield><subfield code="v">Newspapers.</subfield></datafield><datafield ind1=" " ind2="7" tag="655"><subfield code="a">Newspapers.</subfield><subfield code="2">fast</subfield><subfield code="0">(OCoLC)fst01423814</subfield></datafield><datafield ind1=" " ind2="7" tag="651"><subfield code="a">Nebraska</subfield><subfield code="z">Osceola.</subfield><subfield code="2">fast</subfield><subfield code="0">(OCoLC)fst01276112</subfield></datafield><datafield ind1=" " ind2="7" tag="651"><subfield code="a">Nebraska</subfield><subfield code="z">Polk County.</subfield><subfield code="2">fast</subfield><subfield code="0">(OCoLC)fst01206420</subfield></datafield><datafield ind1=" " ind2=" " tag="752"><subfield code="a">United States</subfield><subfield code="b">Nebraska</subfield><subfield code="c">Polk</subfield><subfield code="d">Osceola.</subfield></datafield><datafield ind1="1" ind2=" " tag="776"><subfield code="c">Original</subfield><subfield code="w">(DLC)sn 84022854</subfield></datafield><datafield ind1="0" ind2="0" tag="780"><subfield code="t">Homesteader (Osceola, Neb.)</subfield><subfield code="w">(DLC)sn 95069487</subfield></datafield><datafield ind1="1" ind2="5" tag="780"><subfield code="t">Polk County Republican</subfield><subfield code="w">(DLC)sn 95073951</subfield></datafield><datafield ind1="1" ind2="5" tag="780"><subfield code="t">Clarks news</subfield><subfield code="w">(DLC)sn 95070487</subfield></datafield><datafield ind1="1" ind2="5" tag="780"><subfield code="t">Silver Creek sand</subfield><subfield code="w">(DLC)sn 95073034</subfield></datafield><datafield ind1="1" ind2="7" tag="785"><subfield code="t">Headlight (Stromsburg, Neb.)</subfield><subfield code="w">(DLC)sn 95069486</subfield></datafield><datafield ind1="1" ind2="7" tag="785"><subfield code="t">Shelby sun (Shelby, Neb. : 1904)</subfield><subfield code="w">(DLC)sn 95069481</subfield></datafield><datafield ind1="1" ind2="7" tag="785"><subfield code="t">Polk County news (Stromsburg, Neb. : 1994)</subfield><subfield code="x">1074-2751</subfield></datafield></record>